@article{greenwade93,
    author  = "George D. Greenwade",
    title   = "The {C}omprehensive {T}ex {A}rchive {N}etwork ({CTAN})",
    year    = "1993",
    journal = "TUGBoat",
    volume  = "14",
    number  = "3",
    pages   = "342--351"
}
@misc{eSigEU99,
  title = {{Richtlinie 1999/93/EG des Europäischen Parlaments und des Rates vom 13. Dezember 1999 über gemeinschaftliche Rahmenbedingungen für elektronische Signaturen}},
  howpublished = {\url{https://eur-lex.europa.eu/legal-content/DE/TXT/?uri=CELEX:31999L0093}},
  note = {Accessed: 2019-01-18},
  year=1999
}
